@online{API,
	ALTauthor = {Aldebaran},
	ALTeditor = {x},
	title = {Aldebaran documentation},
	date = {2018-05-05},
	url = {http://doc.aldebaran.com/2-1/home_nao.html},
}
